@article{RN748,
   author = {Cowperthwaite, M.},
   title = {Significance of Some Equations of State Obtained from Shock-Wave Data},
   journal = {American Journal of Physics},
   volume = {34},
   number = {11},
   pages = {1025-+},
   ISSN = {0002-9505},
   DOI = {Doi 10.1119/1.1972422},
   url = {<Go to ISI>://WOS:A19668518500005},
   year = {1966},
   type = {Journal Article}
}

@book{RN809,
   author = {Fickett, Wildon and Davis, William C.},
   title = {Detonation},
   publisher = {University of California Press},
   address = {Berkeley},
   ISBN = {0520035879 9780520035874},
   year = {1979},
   type = {Book}
}

@article{RN827,
   author = {Grüneisen, E.},
   title = {Theorie des festen Zustandes einatomiger Elemente},
   journal = {Annalen der Physik},
   volume = {344},
   number = {12},
   pages = {257-306},
   ISSN = {1521-3889},
   DOI = {10.1002/andp.19123441202},
   url = {http://dx.doi.org/10.1002/andp.19123441202
http://onlinelibrary.wiley.com/store/10.1002/andp.19123441202/asset/19123441202_ftp.pdf?v=1&t=iwo6lc01&s=5f3c9da372c18ef96daf80e36e584fd4dca0c158},
   year = {1912},
   type = {Journal Article}
}

@article{RN742,
   author = {Gustavsen, R. L. and Sheffield, S. A.},
   title = {Unreacted Hugoniots for Porous and Liquid Explosives},
   journal = {High-Pressure Science and Technology - 1993, Pts 1 and 2},
   pages = {1393-1396},
   url = {<Go to ISI>://WOS:A1994BB25V00336},
   year = {1994},
   type = {Journal Article}
}

@article{RN825,
   author = {Holzapfel, W. B.},
   title = {Equations of state and thermophysical properties of solids under pressure},
   journal = {High-Pressure Crystallography},
   volume = {140},
   pages = {217-236},
   url = {<Go to ISI>://WOS:000222489200014},
   year = {2004},
   type = {Journal Article}
}

@article{RN834,
   author = {Horie, Yasuyuki},
   title = {ShockWave Science and Technology Reference Library: Solids I},
   volume = {2},
   ISSN = {9783540684084 3540684085 9783540223641 3540223649},
   year = {2007},
   type = {Journal Article}
}

@article{RN747,
   author = {Johnson, J. N. and Hayes, D. B. and Asay, J. R.},
   title = {Equations of State and Shock-Induced Transformations in Solid I-Solid Ii-Liquid Bismuth},
   journal = {Journal of Physics and Chemistry of Solids},
   volume = {35},
   number = {4},
   pages = {501-515},
   ISSN = {0022-3697},
   DOI = {Doi 10.1016/S0022-3697(74)80004-1},
   url = {<Go to ISI>://WOS:A1974S459400004},
   year = {1974},
   type = {Journal Article}
}

@techreport{RN746,
   author = {Lee, E.L. and Hornig, H.C. and Kury, J.W.},
   title = {ADIABATIC EXPANSION OF HIGH EXPLOSIVE DETONATION PRODUCTS},
   institution = {; California Univ., Livermore. Lawrence Radiation Lab.},
   number = {UCRL--50422 United States 10.2172/4783904 Dep. CFSTI. LLNL English},
   url = {http://www.osti.gov/scitech/servlets/purl/4783904},
   year = {1968},
   type = {Report}
}

@article{RN830,
   author = {Lemons, D. S. and Lund, C. M.},
   title = {Thermodynamics of high temperature, Mie-Gruneisen solids},
   journal = {American Journal of Physics},
   volume = {67},
   number = {12},
   pages = {1105-1108},
   ISSN = {0002-9505},
   DOI = {Doi 10.1119/1.19091},
   url = {<Go to ISI>://WOS:000084023600012},
   year = {1999},
   type = {Journal Article}
}

@book{RN803,
   author = {Mader, Charles L.},
   title = {Numerical modeling of detonations},
   publisher = {University of California Press},
   address = {Berkeley},
   ISBN = {0520036557 9780520036550},
   year = {1979},
   type = {Book}
}

@techreport{RN835,
   author = {Menikoff, Ralph},
   title = {JWL Equation of State},
   month = {2015-12-15},
   DOI = {10.2172/1229709},
   url = {http://www.osti.gov/scitech/servlets/purl/1229709},
   year = {2015},
   type = {Report}
}

@techreport{RN831,
   author = {Menikoff, Ralph},
   title = {Complete Mie-Gruneisen Equation of State},
   institution = {Los Alamos National Laboratory},
   month = {2016-05-02},
   url = {http://permalink.lanl.gov/object/tr?what=info:lanl-repo/lareport/LA-UR-12-22592},
   year = {2016},
   type = {Report}
}

@article{RN832,
   author = {Menikoff, R. and Kober, E.},
   title = {Equation of state and Hugoniot locus for porous materials: P-alpha model revisited},
   journal = {Shock Compression of Condensed Matter-1999, Pts 1 and 2},
   volume = {505},
   pages = {129-132},
   ISSN = {0094-243x},
   url = {<Go to ISI>://WOS:000087647600027},
   year = {2000},
   type = {Journal Article}
}

@article{RN810,
   author = {Menikoff, R. and Plohr, B. J.},
   title = {The Riemann Problem for Fluid-Flow of Real Materials},
   journal = {Reviews of Modern Physics},
   volume = {61},
   number = {1},
   pages = {75-130},
   ISSN = {0034-6861},
   DOI = {DOI 10.1103/RevModPhys.61.75},
   url = {<Go to ISI>://WOS:A1989R961500004
http://journals.aps.org/rmp/abstract/10.1103/RevModPhys.61.75},
   year = {1989},
   type = {Journal Article}
}

@article{RN826,
   author = {Mie, Gustav},
   title = {Zur kinetischen Theorie der einatomigen Körper},
   journal = {Annalen der Physik},
   volume = {316},
   number = {8},
   pages = {657-697},
   ISSN = {1521-3889},
   DOI = {10.1002/andp.19033160802},
   url = {http://dx.doi.org/10.1002/andp.19033160802
http://onlinelibrary.wiley.com/store/10.1002/andp.19033160802/asset/19033160802_ftp.pdf?v=1&t=iwo6jcdd&s=1e3cb6b72dae50324dff1ee0d904680dcca08b42},
   year = {1903},
   type = {Journal Article}
}

@article{RN743,
   author = {Wescott, B. L. and Stewart, D. S. and Davis, W. C.},
   title = {Equation of state and reaction rate for condensed-phase explosives},
   journal = {Journal of Applied Physics},
   volume = {98},
   number = {5},
   ISSN = {0021-8979},
   DOI = {Artn 053514
10.1063/1.2035310},
   url = {<Go to ISI>://WOS:000231885600019},
   year = {2005},
   type = {Journal Article}
}

@book{RN828,
   author = {Wilkins, Mark L.},
   title = {Computer simulation of dynamic phenomena},
   publisher = {Springer},
   address = {Berlin; New York},
   ISBN = {3540630708 9783540630708 3642083153 9783642083150},
   year = {1999},
   type = {Book}
}

@book{RN833,
   author = {Wilkins, Mark L. and University of California, Berkeley and Lawrence Radiation Laboratory, Livermore},
   title = {Calculation of elastic-plastic flow},
   publisher = {University of California, Ernest L. Lawrence Radiation Laboratory; Reproduced by National Technical Information Service, Springfield, Va.},
   address = {Livermore, Calif.},
   year = {1963},
   type = {Book}
}

@inproceedings{RN829,
   author = {Zocher, M. A. and Maudlin, P. J.},
   title = {AN EVALUATION OF SEVERAL HARDENING MODELS USING TAYLOR CYLINDER IMPACT DATA},
   address = {Research Org.: Los Alamos National Lab., NM (US)},
   url = {http://www.osti.gov/scitech/servlets/purl/764004},
   year = {Sponsor Org.: US Department of Energy (US)},
   type = {Conference Proceedings}
}

