@article{ MenikoffPlohr,
   title   = "The {R}iemann problem for fluid flow of real materials",
   author  =  "R. Menikoff and B. J. Plohr",
   journal = "Revs. Mod. Phys.",
   volume  = 61,
   pages   = "75--130",
   year    = 1989
}

@inproceedings{ MenikoffKober,
    author    = "R. Menikoff and E. Kober",
    title     = "Equation of State and {H}ugoniot locus for porous materials:
                 \mbox{$P$--$\alpha$} model revisited",
    booktitle = "Shock Compression in Condensed Matter--1999",
    year      = 1999,
    pages     = "129--132",
}

@incollection{ Menikoff2007EOS,
    author = "R. Menikoff",
    title  = "Empirical Equations of State for Solids",
    booktitle = "Shock Wave Science and Technology Reference Library:
                    Solids I",
    volume = 2,
    publisher = "Springer-Verlag",
    year = "2007",
    editor = "Y.~Horie",
    chapter = "4",
    url="http://dx.doi.org/10.1007/978-3-540-68408-4\_4"
}
@incollection{ Menikoff2007ElasticPlastic,
    author = "R. Menikoff",
    title  = "Elastic--Plastic Shock Waves",
    booktitle = "Shock Wave Science and Technology Reference Library:
                    Solids I",
    volume = 2,
    publisher = "Springer-Verlag",
    year = "2007",
    editor = "Y.~Horie",
    chapter = "5",
    url="http://dx.doi.org/10.1007/978-3-540-68408-4\_5"
}

@techreport{ Menikoff2015JWL,
    author = "R. Menikoff",
    title  = "{JWL Equation of State}",
    institution = "Los Alamos National Lab.",
    year  = 2015,
    number= "LA-UR-15-29536",
    url   = "http://www.osti.gov/scitech/servlets/purl/1229709/"
}

@techreport{ Menikoff2016MG,
    author = "R. Menikoff",
    title  = "Complete {Mie-Gr\"uneisen Equation of State (update)}",
    institution = "Los Alamos National Lab.",
    year  = 2016,
    number= "LA-UR-16-21706",
    url   = "http://www.osti.gov/scitech/servlets/purl/1241653/"
}

@techreport{ MenikoffQuirk,
    author = "R. Menikoff and J. J. Quirk",
    title  = "Versatile User-Friendly {EOS} package",
    institution = "Los Alamos National Lab.",
    year  = 2001,
    number= "LA-UR-01-6222",
}

